@article{andreetta2016finpar,
  title={Finpar: A parallel financial benchmark},
  author={Andreetta, Christian and B{\'e}got, Vivien and Berthold, Jost and Elsman, Martin and Henglein, Fritz and Henriksen, Troels and Nordfang, Maj-Britt and Oancea, Cosmin E},
  journal={ACM Transactions on Architecture and Code Optimization (TACO)},
  volume={13},
  number={2},
  pages={1--27},
  year={2016},
  publisher={ACM New York, NY, USA}
}

@Article{veros,
AUTHOR = {H\"afner, D. and Jacobsen, R. L. and Eden, C. and Kristensen, M. R. B. and Jochum, M. and Nuterman, R. and Vinter, B.},
TITLE = {Veros v0.1 -- a fast and versatile ocean simulator in pure Python},
JOURNAL = {Geoscientific Model Development},
VOLUME = {11},
YEAR = {2018},
NUMBER = {8},
PAGES = {3299--3312},
URL = {https://gmd.copernicus.org/articles/11/3299/2018/},
DOI = {10.5194/gmd-11-3299-2018}
}
@software{jax2018github,
  author = {James Bradbury and Roy Frostig and Peter Hawkins and Matthew James Johnson and Chris Leary and Dougal Maclaurin and George Necula and Adam Paszke and Jake Vander{P}las and Skye Wanderman-{M}ilne and Qiao Zhang},
  title = {{JAX}: composable transformations of {P}ython+{N}um{P}y programs},
  url = {http://github.com/google/jax},
  version = {0.2.5},
  year = {2018},
}
@inproceedings{cupylearningsys2017,
  author       = "Okuta, Ryosuke and Unno, Yuya and Nishino, Daisuke and Hido, Shohei and Loomis, Crissman",
  title        = "CuPy: A NumPy-Compatible Library for NVIDIA GPU Calculations",
  booktitle    = "Proceedings of Workshop on Machine Learning Systems (LearningSys) in The Thirty-first Annual Conference on Neural Information Processing Systems (NIPS)",
  year         = "2017",
  url          = "http://learningsys.org/nips17/assets/papers/paper_16.pdf"
}